Date,Account,SAP Number,Product Code,MKT Product Category Groups,Sales,MSI
4/23/2020,15,3,Horizontal,X-ray,91735.78,224857
1/5/2020,6,2,coherent,Oscar,92522.67,226037
3/31/2020,12,1,Organic,X-ray,81501.16,59595
3/31/2020,6,2,static,Echo,9964.79,244649
2/4/2020,10,2,value-added,Sierra,50736.35,17660
2/1/2020,10,1,Multi-layered,Romeo,67692.23,162881
3/21/2020,11,2,database,Papa,82539.61,203068
5/6/2020,12,3,core,Lima,85880.87,79182
1/30/2020,7,3,Reactive,Romeo,7176.26,113938
1/5/2020,3,2,local area network,Golf,70918.97,128944
3/15/2020,5,2,well-modulated,India,96102.8,286244
2/2/2020,13,1,empowering,Uniform,56013.86,292665
4/16/2020,10,2,Assimilated,Bravo,60395.26,29127
2/18/2020,6,2,solution,Alfa,84860.3,60024
3/19/2020,10,2,flexibility,Alfa,82729.14,231234
4/3/2020,5,3,secured line,Bravo,14923.55,102624
5/18/2020,15,2,Fully-configurable,Golf,62746.29,219076
4/11/2020,9,3,6th generation,Yankee,64006.51,49392
2/23/2020,15,3,Fundamental,Zulu,39239.54,127655
3/14/2020,15,1,Grass-roots,Quebec,41453.39,48730
1/13/2020,8,3,core,Uniform,70504.35,121073
3/16/2020,9,2,approach,Whiskey,77285.65,23671
1/30/2020,12,3,Monitored,Juliett,95980.75,198655
2/10/2020,10,1,secured line,India,2242.63,213974
1/11/2020,4,1,extranet,Bravo,71640.55,165186
3/25/2020,7,1,moratorium,Lima,84646.81,20416
1/22/2020,6,2,didactic,Uniform,94148.42,295579
2/16/2020,12,3,modular,Golf,43154.31,232537
4/16/2020,15,1,Face to face,Tango,76231.98,192744
1/3/2020,8,2,forecast,Papa,5002,219600
3/7/2020,11,3,client-server,Mike,84648.68,260191
5/21/2020,9,3,full-range,Juliett,26926.31,114328
3/6/2020,11,3,application,Bravo,62336.47,41613
2/25/2020,6,1,secured line,Alfa,44200.82,213242
3/23/2020,3,2,data-warehouse,X-ray,51276.54,64909
3/11/2020,2,2,Implemented,Foxtrot,41329.63,157414
4/7/2020,2,1,secured line,Echo,49466.49,120462
1/3/2020,4,1,moderator,Juliett,66169.67,150506
1/21/2020,12,1,Persistent,Victor,57336.95,47219
1/22/2020,5,1,solution-oriented,Romeo,9875.73,41057
2/19/2020,14,1,5th generation,Mike,59582.41,65796
5/20/2020,2,3,circuit,Foxtrot,85198.73,98362
5/17/2020,10,3,Streamlined,Sierra,9720.95,37352
3/28/2020,5,3,client-driven,Echo,77962.61,171334
5/14/2020,12,3,Virtual,Romeo,45553.45,218024
4/28/2020,12,3,encompassing,Quebec,58826.64,25202
3/24/2020,13,1,bi-directional,Kilo,37590.98,166216
3/4/2020,11,3,projection,X-ray,28722.66,233153
2/18/2020,11,1,fault-tolerant,Foxtrot,35615.73,66578
4/19/2020,14,3,Team-oriented,Yankee,16125.05,150030
4/18/2020,3,2,responsive,India,31448.02,6315
2/8/2020,8,2,instruction set,X-ray,26161.53,238771
1/8/2020,5,2,asymmetric,Oscar,47774.94,251527
2/1/2020,1,3,Progressive,Whiskey,16010.45,193130
1/8/2020,12,2,dynamic,Sierra,1737.09,114290
5/18/2020,8,2,Intuitive,Quebec,85036.89,287094
3/30/2020,2,1,productivity,Quebec,81797.85,136010
4/27/2020,11,1,asynchronous,Lima,39618.77,107726
1/24/2020,9,2,methodology,Mike,74040.12,37451
5/1/2020,14,3,Open-source,Quebec,48360.63,290755
3/27/2020,9,1,Balanced,Yankee,19792.03,212416
1/25/2020,7,2,model,Delta,51513.75,160125
3/15/2020,7,2,Total,Foxtrot,70792.15,223934
3/23/2020,5,1,software,Zulu,94937.7,30103
1/29/2020,1,1,motivating,Yankee,25944.21,181246
3/12/2020,6,1,even-keeled,Bravo,7299.77,113917
1/12/2020,9,1,Customizable,Alfa,10541.81,297558
3/18/2020,4,1,database,Uniform,74320.04,35868
4/13/2020,13,1,impactful,November,4264.42,92432
3/11/2020,5,2,6th generation,Oscar,52685.46,47242
2/10/2020,13,3,interactive,Charlie,91388.94,96664
1/25/2020,6,3,tertiary,Golf,40624.47,83552
4/17/2020,12,1,Multi-channelled,Zulu,28763.47,36493
4/10/2020,6,3,paradigm,Foxtrot,8568.46,81484
1/10/2020,6,3,success,Juliett,53918.85,130448
4/21/2020,11,3,Up-sized,Mike,24706.56,87548
3/23/2020,6,1,Automated,Oscar,34434.78,165137
5/1/2020,4,3,Phased,India,43289.8,1483
2/20/2020,1,3,composite,Bravo,93338.99,210666
2/9/2020,9,2,capacity,Charlie,97993.51,11518
2/19/2020,15,3,bottom-line,Alfa,6370.59,45340
5/2/2020,12,3,Switchable,Mike,39995,89970
1/10/2020,5,1,needs-based,Zulu,17891.99,38370
1/31/2020,2,2,Compatible,November,56566.98,37092
5/22/2020,7,1,static,Lima,34793.19,94067
5/20/2020,6,2,Organized,Echo,67320.63,123562
3/20/2020,12,3,3rd generation,Bravo,1593.04,59855
2/8/2020,5,1,Monitored,Bravo,6909.66,257162
5/4/2020,6,3,Re-contextualized,Mike,80376.42,63174
2/24/2020,4,2,leading edge,Delta,85904.29,59817
1/14/2020,10,1,6th generation,Foxtrot,50452.24,102061
1/20/2020,15,1,support,Delta,31777.94,80345
3/6/2020,4,3,Managed,X-ray,95920.09,38682
4/26/2020,8,1,Compatible,Oscar,38915.75,199593
2/22/2020,9,2,Total,Whiskey,39531.02,90831
5/16/2020,15,3,Open-architected,India,48359.56,270005
5/10/2020,2,1,uniform,Romeo,1361.3,65243
4/5/2020,13,3,Innovative,Golf,46332.31,257153
1/22/2020,8,2,Versatile,Papa,54358.82,205900
2/26/2020,11,3,focus group,Lima,14551.11,257476
2/4/2020,1,3,dedicated,Lima,41043.78,229196
3/15/2020,2,2,info-mediaries,Hotel,69403.98,255692
4/8/2020,14,3,Enhanced,Uniform,41592.62,262242
5/6/2020,14,3,high-level,Foxtrot,20068.23,70022
1/18/2020,10,2,radical,Whiskey,30035.6,234554
5/4/2020,8,1,frame,X-ray,84799.3,138857
1/14/2020,7,2,zero tolerance,Kilo,48808.68,224602
3/8/2020,12,1,Horizontal,November,49469.35,110908
2/12/2020,1,3,multi-tasking,Tango,5018.13,168377
5/21/2020,15,3,Optimized,Delta,3072.33,10348
2/10/2020,14,1,reciprocal,Delta,70188.11,23968
4/11/2020,4,3,Mandatory,Tango,41884.77,103917
4/25/2020,2,3,complexity,Mike,44811.91,203703
5/13/2020,15,2,Realigned,Yankee,52907.64,110317
1/15/2020,4,3,budgetary management,X-ray,77258.92,266069
5/8/2020,1,1,static,Papa,8395.85,237174
1/21/2020,5,2,Customizable,Kilo,82884.48,37378
2/6/2020,5,2,Re-contextualized,Zulu,56689.28,160209
3/22/2020,4,3,Monitored,Whiskey,3562.51,260970
5/5/2020,10,3,core,Golf,10822.84,59774
3/31/2020,9,1,approach,Quebec,14223.48,297735
3/8/2020,12,2,system-worthy,Golf,76241.48,27315
1/14/2020,11,1,clear-thinking,Mike,76823.03,7998
2/11/2020,4,3,Cross-group,X-ray,14358.32,7610
4/10/2020,8,2,Programmable,X-ray,63253.51,160792
3/12/2020,2,3,functionalities,Golf,83082.49,120745
1/8/2020,10,3,moderator,Alfa,4632.61,232253
3/8/2020,1,1,implementation,Yankee,96685.53,22679
5/4/2020,15,3,info-mediaries,Romeo,39486.32,218142
1/8/2020,2,2,Progressive,India,38340.08,121675
5/21/2020,3,2,Secured,Oscar,35899.71,268779
4/24/2020,8,1,upward-trending,Delta,14402.68,72262
3/17/2020,3,2,info-mediaries,Foxtrot,59538.65,19113
1/20/2020,3,1,interface,Hotel,55784.19,168448
4/22/2020,8,1,secondary,Romeo,99495.1,176696
2/3/2020,12,3,Focused,Sierra,23052.9,211754
2/4/2020,6,2,Fully-configurable,Kilo,88564.56,154144
4/15/2020,12,2,hierarchy,Sierra,34190.47,87188
5/19/2020,7,3,exuding,Victor,33080.19,198254
3/4/2020,8,3,open system,Zulu,49651.33,145132
5/9/2020,14,3,hybrid,Whiskey,6033.27,257842
1/1/2020,14,2,Balanced,Yankee,15825.2,63508
1/2/2020,1,1,collaboration,Papa,29982.14,281928
5/9/2020,4,2,initiative,Delta,36956.33,107934
5/2/2020,7,2,Intuitive,Whiskey,90515.6,178375
3/22/2020,1,1,Reverse-engineered,Sierra,66685.83,121550
1/26/2020,8,1,interface,Papa,37706.64,154214
1/25/2020,9,1,background,Zulu,54954.96,37435
2/29/2020,6,2,Implemented,Yankee,89226.6,11943
4/2/2020,9,3,hardware,Yankee,27860.34,172317
4/12/2020,4,2,Secured,Tango,19865.15,299295
2/22/2020,13,2,Re-contextualized,Quebec,98197.8,79908
3/5/2020,14,1,zero administration,India,37036.85,106986
2/16/2020,3,3,data-warehouse,Bravo,45241.08,208351
5/14/2020,7,1,policy,Romeo,15515.42,63319
5/1/2020,14,1,intermediate,Lima,78901.27,275856
4/10/2020,9,2,definition,Lima,71728.05,24795
4/18/2020,10,3,heuristic,Quebec,79394.03,195774
1/4/2020,2,2,orchestration,Lima,65882.41,100621
5/10/2020,9,2,Graphical User Interface,Kilo,36563.65,24914
5/20/2020,15,1,methodology,Hotel,96015.27,60205
5/25/2020,2,2,task-force,Lima,17969.15,242931
3/12/2020,6,1,capacity,Uniform,64693.49,131047
2/2/2020,13,1,benchmark,November,39907.18,105235
3/15/2020,3,2,Face to face,Lima,40142.43,152063
1/1/2020,2,1,eco-centric,Romeo,48970.77,34993
1/2/2020,8,1,neutral,Juliett,36017.43,165166
4/28/2020,1,3,incremental,Juliett,36102.1,115126
3/10/2020,15,3,knowledge user,Bravo,34564.78,123563
2/6/2020,2,1,Re-engineered,Zulu,56887.69,94447
5/7/2020,2,3,capability,Victor,72834.03,64063
3/26/2020,15,3,Total,Tango,91288.93,136639
5/24/2020,10,2,intranet,November,90822.19,159095
1/30/2020,4,2,content-based,November,81119.12,61375
4/7/2020,13,2,holistic,Papa,46251.99,6375
2/7/2020,10,3,Optimized,Mike,12959.06,70688
1/13/2020,9,3,Graphical User Interface,Kilo,5451.12,247424
3/6/2020,15,2,moratorium,Whiskey,65061.27,96257
5/9/2020,11,1,Reduced,Charlie,98604.74,141237
5/14/2020,1,1,bandwidth-monitored,Oscar,87234.39,81329
2/29/2020,14,1,User-centric,Juliett,43127.6,141025
2/10/2020,3,2,Virtual,Bravo,38711.6,160070
4/10/2020,14,2,explicit,Papa,87198.83,87214
2/29/2020,1,3,bottom-line,Echo,81372.81,267315
1/1/2020,4,1,3rd generation,Delta,92440.82,51003
3/16/2020,8,1,Advanced,Whiskey,54395.89,195315
4/1/2020,11,1,incremental,Quebec,18381.21,186368
1/22/2020,9,2,Streamlined,Victor,29043.01,110182
5/9/2020,5,3,hub,Victor,39753.71,276051
2/14/2020,6,3,knowledge base,Foxtrot,96845.03,42000
3/19/2020,11,2,superstructure,Tango,85376.48,143149
1/25/2020,15,3,Pre-emptive,Alfa,41018.73,52030
3/12/2020,10,2,actuating,Romeo,41612.3,275186
3/31/2020,4,3,global,Sierra,52134.01,232717
3/30/2020,2,1,demand-driven,Sierra,57496.96,68213
2/25/2020,5,1,throughput,Delta,5521.24,155037
4/17/2020,2,2,5th generation,Hotel,12849.33,95846
4/23/2020,5,1,bottom-line,Hotel,70503.67,168878
1/9/2020,4,3,groupware,Foxtrot,50475.96,273478
3/8/2020,10,2,Graphical User Interface,November,95192.56,76585
3/3/2020,13,1,web-enabled,Alfa,55125.81,180921
3/15/2020,14,3,archive,Zulu,49054.95,271978
5/18/2020,7,3,static,X-ray,90007.04,5013
5/8/2020,14,3,hybrid,Juliett,54114.97,159202
3/4/2020,7,1,Up-sized,Romeo,36197.88,299555
4/25/2020,3,1,Implemented,Tango,68095.14,93992
1/8/2020,7,2,capability,November,58794.62,97685
1/1/2020,9,2,De-engineered,Golf,23419.17,141667
1/25/2020,4,3,Open-architected,India,32733.1,17278
1/6/2020,2,3,Triple-buffered,Victor,59189.53,257673
3/18/2020,2,2,5th generation,X-ray,28899.35,133561
4/22/2020,9,1,Pre-emptive,Golf,13315.45,124783
2/1/2020,10,1,bottom-line,Whiskey,87954.73,32319
1/10/2020,14,2,Fundamental,India,88134.5,17715
5/10/2020,6,1,composite,Mike,89458.87,64235
1/20/2020,7,1,array,Golf,49969.43,164945
3/3/2020,13,2,upward-trending,Romeo,63129.92,268714
4/27/2020,9,3,local area network,X-ray,86095.32,8061
5/22/2020,6,3,info-mediaries,Hotel,33609.61,268820
1/24/2020,2,3,Progressive,Papa,73671.38,133921
5/12/2020,15,3,User-centric,Kilo,79165.26,215039
1/29/2020,3,3,neural-net,Yankee,29006.39,135326
2/20/2020,7,3,Extended,Sierra,92126.77,222052
5/22/2020,11,3,productivity,Yankee,17024.87,299240
1/13/2020,4,2,Innovative,Echo,96198.19,190423
4/30/2020,8,2,De-engineered,Hotel,25526.27,233459
3/2/2020,11,1,Innovative,Foxtrot,64034.33,179576
1/6/2020,2,1,Managed,Bravo,97993.08,113992
5/25/2020,11,3,Customizable,India,41677.31,175930
4/9/2020,1,3,Optional,Tango,7484.16,153688
3/9/2020,3,3,encryption,Papa,99740.03,232276
3/5/2020,13,2,Distributed,X-ray,76199.42,266926
3/30/2020,9,1,fresh-thinking,Foxtrot,50506.05,241409
5/14/2020,8,2,Organized,Mike,14852.56,143844
2/19/2020,10,3,neural-net,Kilo,54200.71,153010
3/8/2020,5,2,Devolved,Juliett,8352.47,113850
1/28/2020,10,3,customer loyalty,X-ray,48670.95,211996
4/4/2020,14,2,optimal,Whiskey,55813.23,84930
4/17/2020,13,2,Ameliorated,Bravo,47739.86,287820
2/2/2020,13,2,open system,Mike,44560.25,207054
5/7/2020,11,3,Cross-group,Tango,50755.19,146596
4/2/2020,4,3,Profound,Uniform,79968.25,204937
4/10/2020,7,1,Persevering,Hotel,35906.76,73128
2/28/2020,8,1,Synchronised,India,68261.51,44933
5/4/2020,11,2,attitude-oriented,Papa,44766,21237
4/24/2020,12,3,Face to face,Yankee,76443.56,220522
3/20/2020,2,3,Stand-alone,November,22734.74,258121
2/23/2020,4,1,holistic,Golf,56656.8,140056
4/9/2020,1,2,Inverse,Romeo,64358.47,43696
5/25/2020,14,2,well-modulated,X-ray,94525,177103
3/30/2020,4,3,Persistent,Oscar,27070.58,269902
3/3/2020,3,2,website,X-ray,52420.09,17556
2/23/2020,9,3,Robust,November,70937.85,217811
3/12/2020,13,1,multi-state,Victor,55917.82,226513
1/23/2020,15,1,upward-trending,Whiskey,42335.8,168545
1/10/2020,13,2,Decentralized,Oscar,56524.42,201517
3/16/2020,1,2,high-level,Charlie,74145.86,11433
3/29/2020,8,1,real-time,Zulu,84335.62,231996
1/12/2020,8,3,frame,Victor,29001.51,76777
5/7/2020,11,1,dedicated,Papa,60666.76,177338
3/4/2020,2,2,web-enabled,Juliett,47552.67,52691
4/19/2020,8,1,zero defect,Sierra,72218.74,30581
4/15/2020,8,3,encompassing,Delta,1013.96,41697
2/9/2020,15,2,customer loyalty,Charlie,23176.91,81544
5/14/2020,4,2,Profound,Golf,75734.97,258808
5/6/2020,10,3,3rd generation,Golf,37451.62,283586
2/15/2020,12,1,multi-tasking,Tango,37984.97,50236
1/15/2020,9,1,transitional,Alfa,31632.28,19416
4/23/2020,13,2,reciprocal,Golf,54472.18,292358
1/28/2020,13,3,Quality-focused,Bravo,35585.31,129347
1/13/2020,4,1,interactive,November,68050.09,226440
4/29/2020,9,2,intranet,Yankee,66285.74,14226
1/1/2020,9,3,Down-sized,Lima,15314.3,123001
2/5/2020,6,3,heuristic,Kilo,49496.94,162410
2/25/2020,6,2,neural-net,Hotel,18075.5,231869
1/21/2020,9,1,eco-centric,Delta,82365.26,157813
2/27/2020,6,1,Seamless,Golf,55243.42,236792
5/2/2020,11,3,Phased,Golf,52424.83,81482
3/1/2020,9,3,User-friendly,November,97713.85,266059
4/1/2020,11,2,Universal,Victor,82391.04,216581
2/21/2020,1,2,Networked,Echo,48079.28,58004
3/2/2020,2,2,circuit,Bravo,27676.28,64283
1/9/2020,9,3,Focused,Oscar,10731.05,197483
5/3/2020,1,2,bifurcated,Zulu,92071.32,286360
1/16/2020,1,3,Organic,Golf,57962.96,167219
1/10/2020,12,1,moderator,Bravo,69981.2,202362
1/29/2020,12,1,challenge,Alfa,84860.63,12938
4/10/2020,10,3,Reactive,Uniform,2059.91,281556
1/17/2020,15,2,Up-sized,Sierra,92895.31,26501
3/3/2020,7,1,open system,Romeo,58376.99,198771
4/14/2020,2,2,demand-driven,Lima,80659.81,299208
2/2/2020,8,2,Seamless,Victor,45745.34,152732
4/24/2020,10,3,orchestration,Tango,24495.01,25177
1/14/2020,4,3,background,Lima,81798.24,222428
3/18/2020,3,1,parallelism,Hotel,92289.46,296995
5/21/2020,12,2,budgetary management,Zulu,34330.28,226819
5/4/2020,3,2,analyzing,Victor,73546.14,221582
5/11/2020,12,1,Secured,Foxtrot,72901.11,187259
1/5/2020,4,3,access,Echo,17206.45,219414
4/17/2020,13,3,motivating,Charlie,86839.51,134071
3/14/2020,7,3,secondary,Sierra,85732.86,217320
5/17/2020,11,2,Decentralized,Charlie,42822.31,154697
1/22/2020,13,1,Robust,Papa,6523.01,235889
4/24/2020,3,2,systemic,Golf,14045.03,185328
2/3/2020,7,2,archive,Tango,5799.39,185232
1/4/2020,5,3,analyzer,Tango,50586.86,3594
1/16/2020,11,2,open system,Kilo,60880.99,14998
3/10/2020,15,2,orchestration,Lima,76830.31,3246
1/11/2020,7,2,Horizontal,Juliett,54146.16,186427
3/16/2020,6,1,value-added,Bravo,3422.04,9322
2/23/2020,12,1,Robust,Zulu,45863.45,8227
3/21/2020,6,1,Mandatory,Lima,13789.52,74379
1/19/2020,2,2,maximized,Uniform,16525.61,170248
3/15/2020,9,2,local,Quebec,63972.82,67270
5/19/2020,10,3,framework,Whiskey,11055.68,145636
5/8/2020,6,1,Enhanced,Juliett,3125.03,168391
5/8/2020,3,3,zero tolerance,Hotel,76776.05,100582
5/23/2020,3,1,24 hour,Delta,17837.39,104242
4/12/2020,14,1,system engine,November,52723.67,73253
4/22/2020,15,2,Down-sized,Charlie,56525.23,154156
4/5/2020,6,1,Compatible,Uniform,17361.47,238834
5/8/2020,5,3,Reduced,Echo,80925.08,134112
3/29/2020,14,1,regional,X-ray,51051.61,9270
4/4/2020,6,3,Universal,Charlie,90346.59,245999
4/29/2020,8,1,parallelism,Delta,35367.65,169099
4/9/2020,10,1,5th generation,Victor,84520.15,88671
1/1/2020,8,2,cohesive,Golf,66478.7,262420
1/6/2020,9,1,Focused,Bravo,42428.33,52145
2/2/2020,11,2,homogeneous,Delta,97700.85,263182
1/17/2020,9,3,Networked,November,93026.5,212448
1/10/2020,2,3,uniform,Romeo,19214.97,219426
5/10/2020,12,3,complexity,Whiskey,7541.57,280127
3/8/2020,3,1,solution-oriented,Victor,67792.8,184447
1/6/2020,12,2,Managed,November,23241.73,202353
3/10/2020,15,1,mission-critical,November,86622.87,91895
4/9/2020,5,1,next generation,Kilo,75478.27,290108
5/25/2020,5,2,migration,Quebec,9308.67,243220
4/4/2020,3,3,zero defect,Whiskey,19805.94,107376
2/29/2020,14,2,alliance,Yankee,99802.34,248002
1/20/2020,2,2,website,Oscar,51427.82,151998
5/4/2020,14,2,utilisation,Zulu,27460.71,193943
4/3/2020,13,1,Adaptive,Uniform,35527.12,226434
4/15/2020,8,3,Re-engineered,Oscar,13274.38,275855
2/11/2020,11,1,analyzing,Whiskey,64631.56,89130
1/22/2020,9,1,real-time,Foxtrot,66171.56,225704
1/19/2020,7,3,Grass-roots,Mike,61635.98,244447
1/10/2020,7,1,Up-sized,Lima,34826.23,256009
1/4/2020,5,1,reciprocal,Tango,77982.88,215487
4/6/2020,15,2,Synergized,Alfa,20626.59,220796
4/21/2020,11,3,Operative,Bravo,32717.31,183532
4/28/2020,13,3,Mandatory,X-ray,51713.04,163389
3/19/2020,12,2,radical,Romeo,47571.83,75748
4/26/2020,2,1,Switchable,Alfa,46630.94,168874
1/1/2020,4,3,encryption,November,32466.47,94850
4/4/2020,8,1,policy,Victor,37560.47,39986
4/19/2020,11,1,didactic,Whiskey,60143.44,234100
2/17/2020,8,3,user-facing,Victor,81043.18,145198
3/23/2020,5,1,task-force,Zulu,73012.78,126237
5/25/2020,1,1,task-force,X-ray,83752,185891
4/7/2020,8,1,user-facing,Romeo,64307.03,149668
3/2/2020,7,1,reciprocal,Kilo,79169.53,48342
5/16/2020,7,3,hub,Quebec,71246.57,135519
4/19/2020,10,3,bandwidth-monitored,Uniform,68894.31,48107
5/14/2020,11,3,infrastructure,Kilo,56866.21,144604
1/6/2020,12,3,conglomeration,Juliett,80294.91,174434
1/7/2020,1,3,composite,Juliett,55544.61,93278
2/16/2020,5,3,real-time,Papa,97479.53,97955
2/8/2020,6,2,motivating,Whiskey,64573.47,165863
1/20/2020,13,1,dynamic,Quebec,95951.47,233800
3/2/2020,3,3,Centralized,Foxtrot,67139.7,209522
1/18/2020,14,1,implementation,Delta,52900.32,192308
1/31/2020,9,3,application,Zulu,45305.72,278665
3/21/2020,11,3,budgetary management,Victor,1966.32,142454
1/24/2020,9,1,knowledge user,Zulu,2559.54,235811
5/20/2020,6,1,alliance,Whiskey,82140.55,171322
1/27/2020,5,2,Upgradable,Bravo,20166.12,235484
1/10/2020,12,3,analyzing,Papa,14968.09,28648
5/6/2020,12,1,implementation,Echo,20020.98,52788
1/6/2020,8,2,Public-key,Alfa,25593.78,104734
4/22/2020,3,2,emulation,Juliett,47988.88,209364
5/9/2020,1,3,Public-key,Victor,68961.54,155710
4/28/2020,14,3,Configurable,Juliett,37781.9,123190
5/25/2020,8,3,fresh-thinking,X-ray,96224.64,146931
2/7/2020,6,3,scalable,Delta,6915.06,180666
3/13/2020,6,1,throughput,X-ray,25222.59,198515
5/21/2020,9,3,object-oriented,Mike,70088.17,90508
3/15/2020,13,3,Monitored,Sierra,52212.04,25578
1/27/2020,4,2,Public-key,Quebec,96618.9,168571
2/26/2020,11,3,utilisation,Bravo,14394.86,13356
2/24/2020,9,2,multi-state,India,16727.78,288883
4/28/2020,10,3,next generation,Whiskey,46970.07,83497
2/15/2020,12,3,definition,Quebec,69143.03,197336
1/12/2020,14,3,Multi-layered,Charlie,34247.79,204175
1/14/2020,3,2,responsive,Charlie,67773.92,144906
3/24/2020,5,1,Horizontal,Yankee,55832.31,167219
1/2/2020,9,1,Secured,X-ray,98796.57,274015
4/7/2020,6,3,zero administration,Bravo,37634.9,282418
5/18/2020,13,2,support,Hotel,89747.92,225488
5/3/2020,12,1,Operative,November,70971.61,109825
2/8/2020,3,2,help-desk,November,83881.59,98952
2/29/2020,1,1,open system,Echo,48260.54,44175
3/5/2020,8,1,Open-source,Bravo,52484.36,181702
1/19/2020,12,3,user-facing,X-ray,27666.48,80970
2/29/2020,6,3,24/7,Yankee,26596.64,249790
3/2/2020,4,3,internet solution,Foxtrot,25476.92,92856
1/14/2020,11,2,Devolved,Kilo,28815.35,226741
4/13/2020,12,3,Grass-roots,Lima,26114.11,56869
4/24/2020,5,2,functionalities,Echo,64501.82,127309
3/13/2020,8,3,application,Oscar,50323.92,164005
1/21/2020,7,3,array,Oscar,59369,224421
1/27/2020,4,2,Universal,Tango,64368.61,27036
1/29/2020,4,1,Devolved,Romeo,75031.32,69382
3/1/2020,11,3,Mandatory,Bravo,73191.97,184656
5/2/2020,13,3,fault-tolerant,Golf,42678.73,284296
2/8/2020,11,2,contextually-based,Sierra,48313.91,110586
3/26/2020,13,1,secondary,Delta,14405.33,212165
2/7/2020,14,3,matrix,Oscar,95108.46,272791
5/3/2020,9,1,non-volatile,Whiskey,10135.42,219884
4/15/2020,14,2,Diverse,Foxtrot,29966.89,21463
4/7/2020,8,1,systemic,Papa,25527.55,202377
4/1/2020,13,1,collaboration,Oscar,44419.21,285335
4/30/2020,4,2,Innovative,Mike,72467.93,268483
1/14/2020,9,3,Focused,Zulu,83592.74,197442
4/13/2020,14,2,Fundamental,Kilo,40647.49,215354
1/3/2020,1,3,Devolved,November,19352.94,263968
5/24/2020,12,2,Graphical User Interface,Juliett,78809.3,14574
4/9/2020,13,1,Ergonomic,Kilo,16065.21,47463
4/24/2020,10,1,time-frame,Hotel,48302.79,80286
4/28/2020,6,2,Synchronised,Foxtrot,52806.34,265843
3/27/2020,3,3,systematic,Delta,93251.49,213995
2/6/2020,11,3,Operative,Foxtrot,56661.25,227916
3/14/2020,4,3,installation,Victor,83916.05,101507
1/25/2020,14,2,optimal,Papa,79160.12,231499
2/19/2020,8,2,orchestration,Delta,24030.55,165583
3/16/2020,2,2,Advanced,Zulu,44551.99,95210
3/31/2020,14,3,installation,November,69473.55,8761
2/6/2020,2,3,optimal,India,72114.38,197007
1/2/2020,1,1,Innovative,Lima,68676,117964
2/21/2020,15,3,Inverse,Echo,28339.77,196824
4/5/2020,15,3,Polarised,Romeo,19123.74,82178
5/22/2020,13,3,initiative,Mike,34864.34,95478
1/31/2020,5,2,maximized,Lima,13692.14,120744
3/2/2020,4,1,Total,Papa,25151.44,295559
1/5/2020,10,1,holistic,Papa,36910.72,137752
4/4/2020,12,1,tertiary,Sierra,5800.88,58392
1/1/2020,9,1,24 hour,Yankee,79552.49,5543
2/11/2020,13,2,data-warehouse,November,7857.84,171902
5/25/2020,5,3,intranet,Papa,46256.9,37552
1/30/2020,1,2,incremental,November,26905.46,165928
1/28/2020,8,2,approach,Mike,7298.11,288513
5/12/2020,4,2,foreground,Yankee,38998.26,9647
4/26/2020,9,2,Reactive,Uniform,4404.48,244027
4/14/2020,5,2,attitude-oriented,X-ray,15640.89,7468
3/14/2020,4,1,User-centric,Echo,62354.55,183370
3/27/2020,4,3,methodology,India,74945.03,78093
1/23/2020,14,2,executive,Whiskey,22082.59,122125
1/9/2020,3,2,Operative,Zulu,42426.3,167891
5/20/2020,11,2,Networked,November,4261.23,238740
5/11/2020,4,2,functionalities,Victor,95874,6816
5/18/2020,6,1,Balanced,India,99387.43,119786
2/27/2020,2,2,Graphic Interface,India,7569.53,189799
3/23/2020,9,2,bi-directional,India,2801.62,132533
1/11/2020,14,3,Business-focused,Delta,65170.63,70799
5/18/2020,2,3,User-centric,Golf,5874.7,190301
1/25/2020,11,1,multi-state,Bravo,84761.99,239192
1/27/2020,9,2,benchmark,Golf,39956.27,91928
4/10/2020,15,1,user-facing,November,27158.23,115250
1/14/2020,11,1,throughput,Oscar,16150.94,29298
1/10/2020,7,1,5th generation,India,84806.18,200807
4/26/2020,10,3,Organic,Alfa,73598.42,55874
2/14/2020,15,1,throughput,Bravo,11880.04,252292
4/1/2020,5,1,emulation,Yankee,9500.87,260866
3/28/2020,9,1,protocol,November,32000.27,226478
3/15/2020,12,1,bottom-line,Quebec,2409.8,107078
5/14/2020,11,3,Secured,November,16297.93,166002
2/21/2020,15,2,even-keeled,Charlie,37977.36,262348
2/27/2020,13,2,time-frame,India,16759.03,210935
4/21/2020,5,3,workforce,Bravo,57474.99,136219
3/6/2020,14,2,Networked,Alfa,13702.36,211808
2/7/2020,8,1,capacity,India,86995.72,49613
2/14/2020,9,2,Front-line,Whiskey,64035.63,96376
3/5/2020,6,2,intangible,Echo,36841.29,26886
1/12/2020,13,2,Inverse,Delta,96534.32,237453
3/12/2020,9,3,Reverse-engineered,India,94103.45,245280
5/5/2020,5,3,web-enabled,Foxtrot,84049.55,282992
5/14/2020,11,1,Front-line,Golf,2778.53,247172
5/18/2020,9,2,Advanced,Yankee,87319.07,151320
3/23/2020,13,2,Customizable,Hotel,13419.18,86509
3/5/2020,8,3,client-server,X-ray,59031.71,28702
3/21/2020,12,2,tangible,Whiskey,34735.02,71578
4/7/2020,14,3,software,Whiskey,40461.69,290543
2/4/2020,2,2,matrix,Juliett,897.56,204570
2/27/2020,8,3,heuristic,Delta,28356.61,198564
3/5/2020,2,2,Distributed,Papa,684.25,66096
2/17/2020,13,3,foreground,November,75737.38,236848
2/22/2020,11,2,Assimilated,Golf,52261.39,190805
3/16/2020,3,2,Down-sized,Charlie,47034.04,6901
5/4/2020,10,3,Adaptive,India,63714.99,291853
1/11/2020,1,1,systemic,Charlie,87987.96,147039
1/23/2020,5,1,Configurable,Uniform,37356.54,265400
1/10/2020,9,3,mobile,Foxtrot,80427.27,132826
1/15/2020,6,3,Total,India,34721.31,139435
4/13/2020,11,2,Phased,Quebec,19574.59,69335
5/10/2020,2,1,Decentralized,Whiskey,38451.52,134564
5/3/2020,9,2,middleware,Alfa,28570.52,83088
1/31/2020,13,1,process improvement,Juliett,48817.85,242728
1/13/2020,1,1,actuating,Lima,3552.27,275346
2/13/2020,7,1,didactic,India,14418.95,162318
2/2/2020,11,1,secondary,Foxtrot,54407.62,241597
5/10/2020,15,3,challenge,Zulu,50596.31,5910
4/20/2020,1,3,Total,Bravo,11079.75,255017
4/7/2020,9,2,homogeneous,Victor,89851.22,210139
3/13/2020,9,2,functionalities,Echo,35784.21,146475
1/4/2020,2,3,definition,Papa,60711.33,71374
1/21/2020,10,3,context-sensitive,Tango,89930.69,288989
1/23/2020,10,3,24/7,Uniform,76288.25,283486
4/11/2020,7,2,Persistent,Foxtrot,97065.08,289721
1/8/2020,6,3,multi-tasking,Tango,55708.68,161485
1/28/2020,15,2,Future-proofed,Quebec,57720.38,61417
5/16/2020,7,3,protocol,Kilo,47492.01,293126
4/23/2020,2,3,Innovative,Sierra,58537.67,133141
2/11/2020,11,2,orchestration,Whiskey,75165.69,160163
5/24/2020,9,3,Mandatory,Oscar,67804.77,94793
3/15/2020,1,3,throughput,Juliett,30469.16,129814
2/10/2020,5,3,Implemented,November,45250.59,148809
2/21/2020,12,1,Synergistic,Quebec,3713.14,219298
4/26/2020,7,1,moratorium,Bravo,25729.05,214275
2/3/2020,9,3,Intuitive,Papa,85480.05,100540
5/11/2020,10,1,full-range,Charlie,95973.35,134170
4/29/2020,3,3,Operative,Alfa,65957.56,9625
2/29/2020,1,3,holistic,Mike,76913.33,201558
5/2/2020,9,1,foreground,Tango,22797.01,199150
1/5/2020,11,2,firmware,Lima,84299.78,260033
1/4/2020,1,1,non-volatile,Delta,50179.19,21718
5/16/2020,13,1,local area network,Alfa,58740.38,112312
1/19/2020,2,3,intangible,Sierra,9660.45,130885
5/6/2020,8,3,solution-oriented,Alfa,32229.32,34240
1/26/2020,9,2,circuit,X-ray,19622.61,258780
3/2/2020,13,1,Secured,Tango,7467.22,75244
4/10/2020,11,2,service-desk,Whiskey,31704.38,48662
2/27/2020,3,1,4th generation,Bravo,7298.35,119085
1/23/2020,4,1,functionalities,Hotel,62766.3,217063
2/11/2020,11,3,encoding,Uniform,17815.65,46432
4/17/2020,2,2,directional,Oscar,36532.61,226287
1/10/2020,14,3,Ameliorated,Foxtrot,20335.05,24695
1/19/2020,9,2,forecast,November,49344.16,273446
1/21/2020,5,3,moratorium,Bravo,25198.61,255447
2/29/2020,8,2,portal,Zulu,15769.93,56669
1/1/2020,11,2,modular,Romeo,51829.66,257504
3/21/2020,15,3,interface,Oscar,73901.5,155306
5/6/2020,11,1,dynamic,Quebec,23129.35,53172
1/7/2020,12,1,conglomeration,Alfa,91116.22,267965
1/18/2020,1,1,Function-based,Uniform,18577.4,58406
1/19/2020,8,2,Monitored,Tango,27169.26,2661
3/5/2020,2,3,Diverse,Foxtrot,96730,244152
5/10/2020,14,3,time-frame,Zulu,42552.63,121759
5/25/2020,8,2,Profit-focused,Sierra,28784.3,6157
4/16/2020,14,3,Re-contextualized,Bravo,83933.38,264522
5/11/2020,1,1,asymmetric,Oscar,92879.15,183697
2/25/2020,15,2,solution-oriented,Sierra,28083.25,119657
5/8/2020,9,1,5th generation,Juliett,58281.25,185787
3/30/2020,6,3,Up-sized,Yankee,99849.05,42487
5/23/2020,4,1,system engine,Charlie,92627.29,261418
5/8/2020,2,1,Face to face,Bravo,25783.28,105861
5/12/2020,6,3,implementation,Bravo,63637.92,234570
2/9/2020,1,2,Re-engineered,Oscar,59504.22,45970
1/5/2020,1,2,Total,Yankee,43288.59,73975
4/3/2020,1,1,executive,Uniform,79615.86,96168
1/13/2020,10,2,artificial intelligence,Kilo,60615.04,288397
5/14/2020,13,2,conglomeration,Golf,44005.23,18505
1/28/2020,13,3,interactive,Oscar,43368.08,230246
5/20/2020,9,1,bottom-line,Charlie,20197.53,113277
2/14/2020,9,2,leading edge,Uniform,79315.58,33695
4/1/2020,13,2,zero tolerance,Uniform,47854.45,122553
1/18/2020,7,3,application,Whiskey,96142.54,97190
3/22/2020,15,2,mobile,Whiskey,89127.59,75550
5/21/2020,1,1,dedicated,Victor,92345.88,115744
5/12/2020,4,2,product,Yankee,38704.82,170548
2/2/2020,2,2,next generation,Charlie,54431.36,119573
4/21/2020,10,2,Persistent,Hotel,47171.78,161556
3/27/2020,3,2,Reactive,Tango,45148.09,157313
3/6/2020,3,2,Exclusive,Delta,41189.53,234480
3/7/2020,6,3,open architecture,Quebec,67562.02,2151
3/16/2020,12,3,internet solution,Echo,79586.17,272162
5/15/2020,7,1,Horizontal,Sierra,61357.19,142854
1/21/2020,12,3,project,Oscar,34871.08,79717
1/2/2020,11,1,open architecture,Golf,11191.58,48042
5/16/2020,3,1,Managed,Alfa,88077.33,155976
5/5/2020,6,1,disintermediate,Alfa,35679.24,69919
4/10/2020,4,3,Persevering,Whiskey,27011.11,47974
5/22/2020,14,1,logistical,Oscar,14770.97,25000
2/22/2020,2,1,bottom-line,Alfa,5363.89,293019
3/28/2020,9,1,Profound,Oscar,69206.94,66472
3/2/2020,5,1,internet solution,Tango,23594.41,283287
1/3/2020,14,2,Graphic Interface,Yankee,11660.77,20305
2/11/2020,2,1,disintermediate,Delta,70777.67,223964
2/26/2020,4,3,instruction set,Zulu,47148.95,23837
2/16/2020,5,1,Versatile,X-ray,7708.41,136900
4/18/2020,4,1,Adaptive,Charlie,58748.22,225321
4/14/2020,7,1,Assimilated,Victor,10229.99,189030
5/7/2020,4,3,initiative,Kilo,57812.51,282972
1/24/2020,13,2,Fully-configurable,Echo,12297.88,280507
2/22/2020,8,1,collaboration,Romeo,40466.81,79212
2/15/2020,3,1,Object-based,X-ray,50740.53,264845
3/2/2020,7,3,instruction set,X-ray,54755.18,184679
1/6/2020,15,3,De-engineered,India,25363.99,64969
3/29/2020,10,1,bifurcated,Foxtrot,94069.14,139167
3/23/2020,11,2,Ergonomic,Foxtrot,97885.99,29694
1/7/2020,11,3,multimedia,Juliett,45266.9,28081
1/21/2020,5,2,Customizable,Delta,72157.8,53951
1/30/2020,5,2,non-volatile,Tango,53545.54,208497
4/13/2020,8,2,Face to face,Yankee,13629.63,161042
4/15/2020,9,1,Innovative,Papa,13855.6,289950
1/19/2020,5,2,solution,Delta,9951.53,209710
2/24/2020,12,1,discrete,Mike,58169.23,82528
3/25/2020,1,1,exuding,India,58935.49,40467
1/13/2020,4,2,De-engineered,November,10734.19,1294
1/16/2020,12,1,mission-critical,November,90852.95,291516
5/15/2020,6,2,conglomeration,November,49616.61,83918
4/21/2020,2,2,explicit,Romeo,69678.3,52948
3/6/2020,13,2,architecture,Foxtrot,41925.87,120732
4/20/2020,12,1,artificial intelligence,Papa,52254.46,88118
1/1/2020,4,3,Diverse,Tango,47445.2,19976
5/6/2020,10,3,Implemented,Tango,47992.11,158392
2/17/2020,6,2,pricing structure,Foxtrot,24550.49,259038
3/25/2020,8,2,access,Juliett,61549.09,149755
5/14/2020,1,3,contingency,Romeo,68072.23,278604
4/22/2020,8,1,Public-key,Hotel,33189.61,26342
3/4/2020,9,3,well-modulated,Juliett,19300.71,192280
3/9/2020,13,2,Optimized,Oscar,92243.67,20752
5/10/2020,7,1,utilisation,Kilo,32112.53,247298
1/28/2020,4,3,empowering,Oscar,70436.07,149993
4/27/2020,12,2,analyzing,Kilo,68999.24,100237
4/6/2020,11,3,strategy,Papa,86495.61,216704
2/2/2020,11,1,software,Whiskey,51350.27,242188
1/19/2020,2,2,Synchronised,Yankee,74649.64,111780
2/5/2020,6,1,6th generation,Zulu,11409.94,112167
3/31/2020,6,2,Operative,Golf,94339.37,93713
1/22/2020,4,2,Proactive,Charlie,48695.7,67368
2/12/2020,4,1,asymmetric,Hotel,11572.33,71992
5/9/2020,12,3,Horizontal,Kilo,2276.19,177339
1/5/2020,10,1,application,Whiskey,72636.24,55332
4/11/2020,15,3,human-resource,Echo,31995.94,107208
5/5/2020,14,1,uniform,Romeo,88653.83,182922
3/24/2020,9,2,disintermediate,November,41262.94,8065
4/22/2020,1,3,Centralized,Uniform,24653.83,241083
3/26/2020,13,1,hardware,November,19224.24,248052
2/3/2020,14,3,Profit-focused,X-ray,29643.17,234225
2/22/2020,12,1,Enhanced,Alfa,24089.38,92799
2/10/2020,10,2,task-force,Papa,79727.43,268589
5/7/2020,5,3,artificial intelligence,Foxtrot,42682.76,23553
5/13/2020,2,3,user-facing,X-ray,50369.42,38944
5/12/2020,8,2,systematic,Bravo,61216.62,107127
1/20/2020,6,3,software,Victor,59872.64,90922
2/10/2020,3,1,paradigm,Zulu,17180.24,33049
5/15/2020,13,3,Streamlined,Zulu,36473.02,146011
4/8/2020,14,3,methodology,Kilo,39214.21,76624
1/30/2020,5,2,exuding,November,34745.01,274568
4/25/2020,7,3,client-driven,Quebec,48490.8,296817
3/22/2020,11,1,Inverse,Yankee,70176.84,213150
2/14/2020,6,1,bi-directional,Tango,19215.41,190005
4/2/2020,4,3,firmware,Yankee,98178.83,73640
3/9/2020,9,2,exuding,Yankee,68311.79,47990
5/3/2020,11,1,capability,Kilo,25797.2,237973
3/2/2020,5,1,toolset,Uniform,60697.15,93684
5/23/2020,3,3,solution,Yankee,43666.19,265467
2/29/2020,9,2,Devolved,Victor,51984.44,197698
1/9/2020,3,2,monitoring,Alfa,92294.87,278512
1/18/2020,4,2,analyzer,Kilo,59132.41,212289
4/28/2020,13,1,application,November,65569.65,189657
4/16/2020,13,3,value-added,Victor,83843.03,253589
2/25/2020,3,2,reciprocal,Juliett,34260.79,74378
1/25/2020,14,3,customer loyalty,Mike,65497.9,1361
1/18/2020,10,2,Operative,Whiskey,10060.1,283278
2/22/2020,12,3,software,Delta,56987.04,61271
1/8/2020,6,3,scalable,Whiskey,78410.93,32123
4/11/2020,15,2,Synchronised,Charlie,97536.39,291159
1/30/2020,4,2,Devolved,Sierra,10328.12,234489
1/29/2020,11,1,grid-enabled,Alfa,58134.66,50389
1/29/2020,14,2,bottom-line,Whiskey,26464.37,97651
1/13/2020,11,2,Enhanced,X-ray,99353.77,121052
4/11/2020,1,3,bandwidth-monitored,Uniform,47576.85,260144
2/8/2020,15,2,Enterprise-wide,November,26680.52,148983
3/26/2020,2,1,Re-contextualized,Victor,71472.06,260407
1/13/2020,5,1,concept,Golf,75268.5,284120
5/16/2020,12,2,Re-contextualized,Quebec,14647.94,103927
2/29/2020,7,3,Vision-oriented,Tango,75411.4,286969
5/18/2020,8,2,contextually-based,Mike,31361.56,245990
5/3/2020,1,2,regional,X-ray,62401.81,291346
1/21/2020,5,3,Seamless,Juliett,12251.89,252656
1/21/2020,3,1,benchmark,Papa,45022.27,167933
2/24/2020,12,2,Extended,Quebec,25332.39,163140
1/31/2020,14,1,3rd generation,Juliett,52734.93,173108
3/21/2020,6,3,definition,X-ray,30353.59,178366
2/20/2020,6,1,zero defect,Foxtrot,32210.04,1953
2/15/2020,9,1,3rd generation,Tango,92786.93,5096
5/3/2020,3,2,superstructure,Charlie,28132.59,20895
4/8/2020,1,2,encryption,Tango,31980.15,100676
2/24/2020,8,2,multi-state,Papa,69356.09,90480
1/14/2020,1,1,dedicated,Oscar,62063.17,195839
5/12/2020,4,2,Expanded,Sierra,79677.57,260711
5/25/2020,12,1,Managed,X-ray,79011.65,86342
3/6/2020,9,3,definition,Zulu,9677.11,269752
3/9/2020,4,3,Profit-focused,Uniform,44219.89,209926
3/9/2020,2,2,logistical,Mike,67634.16,228181
1/25/2020,14,2,real-time,Lima,69659.8,35619
2/16/2020,13,2,Versatile,Charlie,77891.71,120226
1/23/2020,5,3,impactful,Charlie,89254.16,97292
4/22/2020,6,3,Customer-focused,Romeo,58394.78,36853
3/10/2020,6,1,Horizontal,Tango,24000.23,186439
1/25/2020,3,3,Switchable,Juliett,3239.31,222981
5/15/2020,3,3,protocol,Alfa,24229.62,13983
1/18/2020,15,1,application,Juliett,35510.48,34431
5/12/2020,6,3,Optional,Papa,17712.76,76158
2/17/2020,9,3,hierarchy,Alfa,55557.49,177145
3/4/2020,11,2,asynchronous,Oscar,91122.85,20836
1/15/2020,2,2,motivating,Tango,70900.32,153487
3/5/2020,2,2,demand-driven,Juliett,67764.38,45070
5/6/2020,11,2,full-range,Delta,96448.43,745
4/10/2020,1,1,methodical,Romeo,43105.29,221679
3/15/2020,11,3,hub,Uniform,91186.73,126688
2/10/2020,1,1,Synergistic,Oscar,41723.64,78915
2/8/2020,2,3,Front-line,Delta,19763.53,56566
1/7/2020,12,1,function,November,63097.74,169798
4/21/2020,15,3,Open-source,Mike,17943.71,98532
4/3/2020,6,3,help-desk,Charlie,70561.97,212907
5/18/2020,12,3,conglomeration,Kilo,64240.98,61225
5/14/2020,6,1,leading edge,Uniform,63073.24,298280
4/10/2020,7,1,Sharable,Sierra,97553.12,108702
4/19/2020,11,2,bottom-line,Oscar,93995.23,121061
3/11/2020,8,1,explicit,Golf,61490.01,25013
1/29/2020,1,3,bifurcated,Hotel,39939.62,48624
2/5/2020,15,2,methodical,Romeo,50420.15,188851
1/19/2020,12,3,circuit,Oscar,28349.61,4531
3/9/2020,15,3,clear-thinking,Bravo,66167.17,258877
3/6/2020,11,2,responsive,Whiskey,48236.59,180478
1/12/2020,7,2,zero defect,Charlie,82916.26,168739
3/28/2020,11,2,24 hour,Sierra,99361.83,195436
3/17/2020,9,3,Profit-focused,Papa,26573.53,105919
4/21/2020,12,1,context-sensitive,Echo,22428.17,157092
5/19/2020,3,3,Exclusive,Tango,75929.68,82507
2/13/2020,10,3,interface,Romeo,74692.35,89276
2/17/2020,12,2,Future-proofed,India,17474.22,112666
2/9/2020,7,3,zero tolerance,Quebec,34459.34,53848
5/18/2020,15,3,Right-sized,Charlie,47560.87,82924
3/29/2020,2,2,mobile,Sierra,1944.6,23081
1/26/2020,1,2,system-worthy,Papa,45455.61,31067
2/8/2020,13,2,firmware,Bravo,71183.14,19275
4/17/2020,14,1,zero administration,Mike,56712.87,264447
4/25/2020,12,3,Programmable,Yankee,8952.13,234986
2/25/2020,1,3,Sharable,Foxtrot,656.69,295881
3/7/2020,11,1,alliance,Golf,3498.11,1125
3/15/2020,1,3,Function-based,Echo,86119.75,29868
5/23/2020,9,1,groupware,November,63086.37,126529
5/25/2020,1,2,Switchable,X-ray,82451.8,168856
2/15/2020,1,1,leading edge,Romeo,49974.56,245431
3/16/2020,2,3,solution,Uniform,62924.42,53234
1/8/2020,7,2,system-worthy,Delta,90124.61,161837
5/11/2020,7,3,asynchronous,Victor,81000.14,292040
4/16/2020,5,3,info-mediaries,Yankee,75106.33,233824
1/1/2020,9,3,Ameliorated,Yankee,30540.88,161098
4/23/2020,15,3,flexibility,Tango,45206.91,76224
2/26/2020,14,1,Object-based,Echo,95244.68,167519
2/24/2020,7,1,Polarised,Golf,8390.18,197072
4/13/2020,9,3,Polarised,Echo,17472.32,296666
1/3/2020,9,1,matrices,Yankee,81956.08,92278
3/5/2020,12,3,directional,Romeo,58167.37,64862
4/29/2020,9,2,analyzer,Foxtrot,81094.63,246253
5/8/2020,11,2,local area network,Echo,64361.03,47255
2/4/2020,10,2,neural-net,Tango,77140.74,193849
3/2/2020,1,1,instruction set,Oscar,21779.11,166087
4/27/2020,14,1,Advanced,Alfa,70819.76,12085
3/27/2020,5,3,Triple-buffered,Uniform,54256.03,154281
4/1/2020,2,2,bandwidth-monitored,India,39450.64,121336
5/9/2020,5,2,Reverse-engineered,Echo,4343.26,37188
5/17/2020,10,1,model,Foxtrot,22452.73,151856
3/15/2020,10,1,budgetary management,Papa,884.22,115073
1/15/2020,10,3,bi-directional,Mike,1306.69,208567
1/5/2020,8,3,protocol,Mike,34500.75,6075
5/10/2020,3,2,Monitored,Golf,55346.6,280083
5/5/2020,11,2,methodical,Kilo,20346.2,224800
5/8/2020,3,3,Intuitive,Romeo,13361,176894
5/21/2020,4,2,Monitored,Bravo,81158.06,183618
3/7/2020,4,1,Implemented,Victor,8054.76,283035
5/15/2020,6,3,internet solution,Whiskey,68468.28,43429
3/18/2020,4,1,homogeneous,Hotel,94487.07,14929
1/18/2020,9,2,success,Charlie,70470.99,49781
5/11/2020,1,2,Progressive,Foxtrot,68634.7,150946
5/21/2020,15,3,strategy,Hotel,27239.63,126006
5/6/2020,4,2,solution,Uniform,57685.17,294049
3/7/2020,10,1,paradigm,Yankee,43399.87,171304
1/3/2020,6,1,analyzing,Oscar,87737.08,49534
3/26/2020,8,2,Organic,Mike,2035.65,22569
5/4/2020,5,2,Focused,X-ray,38967.22,106893
3/28/2020,11,3,implementation,Romeo,7095.46,2081
1/22/2020,5,3,Devolved,Zulu,7716.07,237964
3/29/2020,7,2,Object-based,Kilo,41189.95,293172
3/21/2020,14,1,methodology,Juliett,63183.5,203379
1/8/2020,2,3,pricing structure,Lima,60621.72,149775
2/5/2020,8,2,focus group,Quebec,42838.69,258148
1/17/2020,14,1,Monitored,Victor,72575.72,262828
1/23/2020,14,3,process improvement,Uniform,58493.98,81224
2/16/2020,6,1,flexibility,Golf,89506.4,133003
1/18/2020,11,3,Face to face,Yankee,35036.8,81133
4/18/2020,10,1,Multi-lateral,November,95971.48,18552
3/28/2020,10,3,Balanced,Juliett,68995.9,95692
1/21/2020,10,1,Seamless,Romeo,51215.09,38420
5/4/2020,8,1,software,Golf,42538.85,73199
3/12/2020,1,3,Innovative,Uniform,38888.78,111080
1/7/2020,3,1,systematic,Sierra,77843.27,191163
4/24/2020,10,1,Function-based,Whiskey,35209.59,31491
3/18/2020,15,3,function,Sierra,43509.85,144184
3/8/2020,2,2,Persevering,Uniform,88524.27,36845
5/19/2020,4,3,capability,November,76341.12,217752
2/4/2020,12,3,upward-trending,Lima,95282.65,253647
3/24/2020,2,3,solution,November,76454.02,279853
5/15/2020,7,1,intangible,Romeo,24622.27,23392
1/30/2020,1,1,Triple-buffered,Foxtrot,20247.95,102443
1/7/2020,3,3,Networked,Victor,60606.23,181797
5/12/2020,9,3,Switchable,X-ray,74743.32,175255
5/25/2020,5,2,Compatible,Papa,78636.82,102849
3/27/2020,13,1,encryption,Tango,47296.8,97802
4/19/2020,15,1,Intuitive,Tango,88350.18,75722
5/15/2020,7,2,data-warehouse,Juliett,39956.52,131961
4/26/2020,12,2,Profit-focused,Victor,5541.24,18582
3/1/2020,15,3,architecture,Delta,85276.02,263280
5/10/2020,11,2,help-desk,Sierra,48630.45,144182
3/6/2020,12,2,multi-tasking,Uniform,81734.25,94618
5/21/2020,9,1,support,Victor,43538.63,104859
4/1/2020,4,3,stable,Romeo,70853.73,23930
5/18/2020,6,2,4th generation,Oscar,76447.68,192836
1/27/2020,6,3,radical,Papa,27466.44,271038
4/1/2020,12,1,3rd generation,Golf,78906.8,151634
5/2/2020,8,2,orchestration,November,96865.76,38605
2/1/2020,8,2,multimedia,Golf,63426.21,152366
5/6/2020,12,1,4th generation,India,64610.38,276431
1/6/2020,13,2,Right-sized,Hotel,21425.18,286145
4/11/2020,15,2,multi-tasking,Quebec,63134.46,39765
1/11/2020,14,1,5th generation,Hotel,97912.06,107847
1/10/2020,2,3,Persevering,Tango,59040.57,150087
1/11/2020,5,2,flexibility,Yankee,74826.95,263077
4/12/2020,10,3,Multi-layered,Papa,38237.89,158066
2/3/2020,10,1,adapter,Charlie,68894.13,187825
4/8/2020,5,1,demand-driven,Tango,44017.24,214573
4/13/2020,14,3,Customer-focused,Kilo,3873.5,179833
3/29/2020,15,1,Configurable,Hotel,99099.19,94966
3/14/2020,7,3,impactful,November,89918.92,144524
4/28/2020,8,2,infrastructure,X-ray,89938.49,147681
2/7/2020,1,2,Synergistic,Quebec,52907.8,262560
3/23/2020,2,1,open architecture,Hotel,98680.98,211071
1/20/2020,11,3,monitoring,Mike,65821.86,11743
4/16/2020,9,2,Digitized,Alfa,95026.81,12406
4/26/2020,3,3,Graphic Interface,Uniform,90959.19,281627
1/4/2020,12,2,functionalities,Delta,34964.99,274764
2/28/2020,14,1,Proactive,Uniform,71308.05,150202
5/3/2020,5,3,logistical,Lima,99209.63,61453
5/22/2020,1,1,Integrated,Charlie,31127.43,85016
4/8/2020,13,2,well-modulated,Victor,86022.24,9885
1/11/2020,1,2,Diverse,Whiskey,2786.92,7344
4/9/2020,1,3,portal,Bravo,65457.3,40705
2/23/2020,13,1,even-keeled,Sierra,57119.95,60695
1/2/2020,13,2,Future-proofed,Oscar,40776.61,248911
5/21/2020,8,1,composite,Lima,16398.4,147995
1/13/2020,12,1,disintermediate,X-ray,45911.69,39134
4/2/2020,5,2,hub,November,99314.02,163539
1/19/2020,5,1,Up-sized,Sierra,58257.5,956
4/28/2020,5,3,exuding,Kilo,71449.97,218907
5/19/2020,2,2,toolset,X-ray,53405,223462
4/26/2020,7,3,optimizing,Bravo,4279.58,101355
5/25/2020,2,2,24/7,Mike,80084.75,123854
5/16/2020,12,3,instruction set,Whiskey,44233,63594
3/27/2020,14,2,bandwidth-monitored,Kilo,15336.18,102366
5/18/2020,13,2,Sharable,Romeo,99681.23,210333
3/29/2020,8,1,matrices,Romeo,79215.24,169585
2/9/2020,6,3,service-desk,Quebec,68244.39,216703
5/23/2020,8,3,conglomeration,X-ray,57032.84,121799
4/20/2020,4,3,Automated,Whiskey,68670.05,68319
5/17/2020,10,1,24/7,Charlie,3807.79,280525
2/5/2020,12,3,benchmark,Yankee,21486.54,189136
1/26/2020,11,1,algorithm,Charlie,6410.06,63879
2/12/2020,11,2,exuding,Uniform,82332.61,152577
3/31/2020,9,1,Down-sized,Yankee,87391.92,169330
1/24/2020,5,3,Programmable,Kilo,65358.02,141438
3/8/2020,4,2,Sharable,Papa,7128.43,223192
2/11/2020,6,3,concept,Quebec,96162.07,259315
3/23/2020,8,3,hierarchy,Delta,62525.2,266377
3/23/2020,6,3,Compatible,Victor,25477.34,245282
4/28/2020,4,2,Reactive,Uniform,68813.75,114870
3/15/2020,9,3,context-sensitive,Sierra,84689.3,6479
2/26/2020,10,3,system engine,India,99793.9,121766
3/28/2020,3,3,concept,Kilo,88478.18,172051
4/7/2020,10,2,directional,Kilo,44477.9,196420
5/19/2020,3,1,Configurable,Romeo,28884.19,200143
2/12/2020,8,3,orchestration,Bravo,79661.95,20229
3/6/2020,2,3,Polarised,Whiskey,47844.41,39497
3/21/2020,12,2,dedicated,Hotel,66244.81,216460
2/27/2020,5,2,encoding,Oscar,93814.28,298662
4/28/2020,14,3,Digitized,Whiskey,28894.09,39842
5/25/2020,6,1,disintermediate,Tango,22778.73,167449
4/9/2020,5,1,Object-based,Golf,51370.54,212749
4/14/2020,1,3,Ergonomic,Charlie,56768.66,77858
3/9/2020,4,1,system engine,Juliett,45992.3,149075
3/8/2020,6,2,time-frame,India,49894.95,213967
5/3/2020,9,1,bi-directional,Romeo,91073.45,195751
3/30/2020,11,2,Operative,Bravo,90006.59,33152
1/20/2020,6,3,Open-architected,Mike,31563.67,139491
3/20/2020,7,2,paradigm,Oscar,35250.28,61372
4/29/2020,9,3,project,Victor,25548.29,183254
4/4/2020,12,3,eco-centric,Charlie,81675.05,196060
4/18/2020,5,2,static,Whiskey,62436.3,117663
2/15/2020,3,1,regional,Mike,19843.88,260071
4/9/2020,14,3,clear-thinking,Golf,65726.26,262913
5/1/2020,12,3,process improvement,Delta,44115.76,100381
1/10/2020,8,3,cohesive,Alfa,47994.77,129118
1/20/2020,10,3,Re-contextualized,Sierra,23606.81,218119
3/19/2020,7,1,firmware,Alfa,98773.63,62937
5/1/2020,1,1,benchmark,Zulu,87791.44,269395
4/6/2020,2,1,initiative,November,31847.99,77037
5/11/2020,15,3,complexity,Hotel,89083.61,31421
2/3/2020,1,1,well-modulated,Yankee,65684.97,127753
5/4/2020,1,3,Graphical User Interface,Echo,32126.59,192663
1/1/2020,5,3,actuating,Tango,12100.42,125575
1/18/2020,4,1,instruction set,Juliett,88463.19,48663
5/10/2020,6,2,protocol,Quebec,88205.58,96548
3/4/2020,1,1,parallelism,Delta,31401.73,168670
4/23/2020,12,2,functionalities,Romeo,48735.39,250951
2/11/2020,14,3,leverage,Yankee,86321.14,20636
4/23/2020,11,1,project,Golf,7513.44,240530
4/7/2020,10,1,Public-key,Lima,72874.51,47660
1/14/2020,14,3,24 hour,Charlie,7859.76,271828
3/7/2020,2,1,user-facing,Whiskey,25291.39,114020
4/17/2020,2,3,content-based,Victor,24496.3,202951
1/26/2020,9,3,incremental,Delta,58621.2,235462
2/2/2020,7,3,modular,Golf,80973.21,263493
1/3/2020,7,2,algorithm,Bravo,98037.1,125620
4/24/2020,11,3,Future-proofed,India,9895.07,42020
4/11/2020,7,3,access,Yankee,30828.21,236504
5/16/2020,6,3,time-frame,Juliett,55639.49,46496
4/14/2020,8,3,knowledge user,Uniform,76741.78,83252
2/16/2020,12,1,Persevering,Bravo,69593.57,298094
2/29/2020,12,3,systemic,Lima,82132.25,47814
1/10/2020,5,3,maximized,Whiskey,50006.71,190923
1/10/2020,10,3,dedicated,Golf,50136.39,4307
4/6/2020,12,3,core,Foxtrot,85731.29,257391
5/15/2020,12,3,Profound,Zulu,83584.83,70530
5/18/2020,12,1,projection,Charlie,49374.68,15913
3/8/2020,11,3,Exclusive,Victor,51313.81,275845
1/6/2020,13,3,benchmark,Hotel,25601.82,280955
2/18/2020,2,3,Synergized,Yankee,70577.35,147560
1/23/2020,11,2,Fundamental,Delta,22236.81,190329
4/30/2020,11,1,encoding,Yankee,33958.15,149822
1/23/2020,11,2,Profound,Victor,7468.1,3932
1/3/2020,8,1,Optional,Juliett,78867.91,201
4/17/2020,5,3,Realigned,Mike,10213.28,227846
5/23/2020,4,3,mobile,Mike,91114.44,127002
1/13/2020,5,1,Switchable,Sierra,60898.14,175694
4/15/2020,5,1,intranet,Hotel,79100.62,205546
2/3/2020,11,1,analyzing,Kilo,11408.18,118482
5/3/2020,3,3,stable,India,87264.94,274308
5/3/2020,7,2,Grass-roots,Charlie,13996.74,265738
5/2/2020,4,1,zero administration,Zulu,170.04,202174
3/22/2020,2,3,extranet,Juliett,24065.69,194928
2/29/2020,14,2,array,Uniform,63759.11,25295
4/21/2020,15,3,middleware,Zulu,57012.69,126772
5/12/2020,6,1,Team-oriented,Romeo,87402.74,188146
4/27/2020,15,1,support,Hotel,64760.91,2220
2/17/2020,15,2,Balanced,Echo,9297.77,210564
4/10/2020,2,1,array,India,63583.57,173270
5/10/2020,3,3,bifurcated,Charlie,64935.24,55316
2/4/2020,3,2,knowledge base,India,80111.9,246142
5/24/2020,10,3,Programmable,Echo,53838.1,191630
1/18/2020,10,2,product,Quebec,21139.68,83505
2/1/2020,3,3,Reverse-engineered,Yankee,87422.88,173171
1/20/2020,7,1,modular,Uniform,17597.97,219184
5/19/2020,12,2,internet solution,Bravo,78260.45,172139
4/21/2020,13,1,capability,Lima,20879.99,147771
1/3/2020,12,1,parallelism,Kilo,56755,129398
1/3/2020,11,2,matrix,Papa,39276.47,227035
3/3/2020,15,2,Visionary,Hotel,86921.46,289120
2/7/2020,12,2,fresh-thinking,Romeo,59546.83,72247
5/3/2020,8,2,tertiary,Victor,58778.56,94620
5/24/2020,10,3,Proactive,Oscar,57197.96,215773
5/5/2020,13,1,web-enabled,Uniform,71426.3,233037
5/17/2020,4,2,Diverse,Romeo,83796.09,84518
5/6/2020,1,2,empowering,Zulu,13351.68,84218
2/17/2020,11,2,Stand-alone,Sierra,75690.28,192626
4/4/2020,11,3,Open-architected,Sierra,52446.99,128407
4/10/2020,5,1,process improvement,Alfa,28221.03,168650
2/4/2020,15,2,dynamic,Lima,49063.29,277058
5/4/2020,13,1,contextually-based,Whiskey,8752.53,79854
4/18/2020,2,2,Enhanced,Zulu,42229.72,211038
3/12/2020,15,3,archive,Kilo,93845.72,37544
1/26/2020,2,1,Front-line,Bravo,54468.75,101613
3/10/2020,8,2,Inverse,Yankee,15071.77,235316
5/2/2020,8,2,array,Romeo,59742.83,166367
4/30/2020,12,2,fresh-thinking,Romeo,64564.67,131189
3/9/2020,1,2,Pre-emptive,Kilo,84668.77,178049
1/6/2020,11,2,reciprocal,Papa,11723.26,43916
4/11/2020,3,3,flexibility,Delta,84609.18,157118
1/2/2020,1,1,Vision-oriented,Zulu,66368.51,23673
